% This file was created with Citavi 6.8.0.0

@book{Simon.2015,
 author = {Simon, Barry},
 year = {2015},
 title = {Real Analysis},
 address = {Providence, Rhode Island},
 volume = {Part 1},
 publisher = {{AMS American Mathematical Society}},
 isbn = {978-1-4704-1099-5},
 series = {A Comprehensive Course in Analysis},
 file = {http://zbmath.org/?q=an:1332.00003}
}


@book{Villani.2009,
 author = {Villani, C{\'e}dric},
 year = {2009},
 title = {Optimal Transport: Old and New},
 price = {EUR 106.95 (freier Pr.), sfr 166.00 (freier Pr.)},
 address = {Berlin},
 volume = {338},
 publisher = {Springer},
 isbn = {978-3-540-71049-3},
 series = {Grundlehren der mathematischen Wissenschaften},
 file = {http://swbplus.bsz-bw.de/bsz28657621xinh.htm},
 file = {http://digitool.hbz-nrw.de:1801/webclient/DeliveryManager?pid=2645708&custom_att_2=simple_viewer},
 file = {http://zbmath.org/?q=an:1156.53003},
 file = {http://swbplus.bsz-bw.de/bsz28657621xvor.htm},
 file = {http://swbplus.bsz-bw.de/bsz28657621xkap.htm},
 file = {http://www.gbv.de/dms/goettingen/574371273.pdf},
 file = {http://d-nb.info/98984577X/04}
}


